@ARTICLE{part-time-parliament,
  author = {Leslie Lamport},
  title = {The part-time parliament},
  journal = {ACM TRANSACTIONS ON COMPUTER SYSTEMS},
  year = {1998},
  volume = {16},
  number = {2},
  pages = {133--169}
}

@MISC{cheap-paxos,
  author = {Leslie Lamport and Mike Massa},
  title = {Cheap Paxos},
  year = {2004}
}

@Inbook{crdts,
  author="Shapiro, Marc
    and Pregui{\c{c}}a, Nuno
    and Baquero, Carlos
    and Zawirski, Marek",
  editor="D{\'e}fago, Xavier
    and Petit, Franck
    and Villain, Vincent",
  chapter="Conflict-Free Replicated Data Types",
  title="Stabilization, Safety, and Security of Distributed Systems: 13th International Symposium, SSS 2011, Grenoble, France, October 10-12, 2011. Proceedings",
  year="2011",
  publisher="Springer Berlin Heidelberg",
  address="Berlin, Heidelberg",
  pages="386--400",
  isbn="978-3-642-24550-3"
}
