@ARTICLE{part-time-parliament,
  author = {Leslie Lamport},
  title = {The part-time parliament},
  journal = {ACM TRANSACTIONS ON COMPUTER SYSTEMS},
  year = {1998},
  volume = {16},
  number = {2},
  pages = {133--169}
}

@MISC{cheap-paxos,
  author = {Leslie Lamport and Mike Massa},
  title = {Cheap Paxos},
  year = {2004}
}

@Inbook{crdts,
  author="Shapiro, Marc
    and Pregui{\c{c}}a, Nuno
    and Baquero, Carlos
    and Zawirski, Marek",
  editor="D{\'e}fago, Xavier
    and Petit, Franck
    and Villain, Vincent",
  chapter="Conflict-Free Replicated Data Types",
  title="Stabilization, Safety, and Security of Distributed Systems: 13th International Symposium, SSS 2011, Grenoble, France, October 10-12, 2011. Proceedings",
  year="2011",
  publisher="Springer Berlin Heidelberg",
  address="Berlin, Heidelberg",
  pages="386--400",
  isbn="978-3-642-24550-3"
}
@Inproceedings {smart,
address      = {Leuven, Belgium},
author       = {Jacob R. Lorch and Atul Adya and William J. Bolosky and Ronnie Chaiken and John
                R. Douceur and Jon Howell},
booktitle    = {Proceedings of the 2006 EuroSys Conference},
month        = {April},
pages        = {103â€“115},
publisher    = {Association for Computing Machinery, Inc.},
title        = {The SMART way to migrate replicated stateful services},
url          = {http://research.microsoft.com/apps/pubs/default.aspx?id=67913},
year         = {2006},
}
@TechReport {reconfiguring-a-state-machine,
author       = {Leslie Lamport and Dahlia Malkhi and Lidong Zhou},
month        = {February},
number       = {MSR-TR-2008-198},
publisher    = {Microsoft},
title        = {Reconfiguring a State Machine},
url          = {http://research.microsoft.com/apps/pubs/default.aspx?id=101824},
year         = {2008},
institution  = {Microsoft Research},
}

